

%1
@online{vae,
 author  = "Emrick Sinitambirivoutin",
 title   = "An Introduction to Variational Auto Encoders (VAEs)",
 year    = "2020",
 urlseen = "07-05-2021",
 url     = "https://towardsdatascience.com/an-introduction-to-variational-auto-encoders-vaes-803ddfb623df",
}
